@Article{euler,
   Author="Pevzner, P. A.  and others ",
   Title="{{A}n {E}ulerian path approach to {D}{N}{A} fragment assembly}",
   Journal="Proc. Natl. Acad. Sci. U.S.A.",
   Year="2001",
   Volume="98",
   Number="17",
   Pages="9748--9753",
   Month="Aug"
}


@Article{fermi,
   Author="Li, H. ",
   Title="{{E}xploring single-sample {S}{N}{P} and {I}{N}{D}{E}{L} calling with whole-genome de novo assembly}",
   Journal="Bioinformatics",
   Year="2012",
   Volume="28",
   Number="14",
   Pages="1838--1844",
   Month="Jul"
}

@article{bwamem,
   Author = "Li, H. ",
   Title = "{{A}ligning sequence reads, clone sequences and assembly contigs with {B}{W}{A}-{M}{E}{M}}",
   Journal = "arXiv:1303.3997",
   Year = "2013",
}

@Article{quast,
   Author="Gurevich, A.  and others ",
   Title="{{Q}{U}{A}{S}{T}: quality assessment tool for genome assemblies}",
   Journal="Bioinformatics",
   Year="2013",
   Volume="29",
   Number="8",
   Pages="1072--1075",
   Month="Apr"
}

@Article{spades1,
   Author="Bankevich, A.  and others ",
   Title="{{S}{P}{A}des: a new genome assembly algorithm and its applications to single-cell sequencing}",
   Journal="J. Comput. Biol.",
   Year="2012",
   Volume="19",
   Number="5",
   Pages="455--477",
   Month="May"
}

@Article{spades2,
   Author="Nurk, S.  and others ",
   Title="{{A}ssembling single-cell genomes and mini-metagenomes from chimeric {M}{D}{A} products}",
   Journal="J. Comput. Biol.",
   Year="2013",
   Volume="20",
   Number="10",
   Pages="714--737",
   Month="Oct"
}

@Article{idba_ud,
   Author="Peng, Y.  and others ",
   Title="{{I}{D}{B}{A}-{U}{D}: a de novo assembler for single-cell and metagenomic sequencing data with highly uneven depth}",
   Journal="Bioinformatics",
   Year="2012",
   Volume="28",
   Number="11",
   Pages="1420--1428",
   Month="Jun"
}

@Article{hammer,
   Author="Medvedev, P.  and others ",
   Title="{{E}rror correction of high-throughput sequencing datasets with non-uniform coverage}",
   Journal="Bioinformatics",
   Year="2011",
   Volume="27",
   Number="13",
   Pages="i137--141",
   Month="Jul"
}

@Article{bayeshammer,
   Author="Nikolenko, S. I.  and others ",
   Title="{{B}ayes{H}ammer: {B}ayesian clustering for error correction in single-cell sequencing}",
   Journal="BMC Genomics",
   Year="2013",
   Volume="14 Suppl 1",
   Pages="S7"
}

@Article{mdm,
   Author="Rinke, C.  and others ",
   Title="{{I}nsights into the phylogeny and coding potential of microbial dark matter}",
   Journal="Nature",
   Year="2013",
   Volume="499",
   Number="7459",
   Pages="431--437",
   Month="Jul"
}

@Article{samtools,
   Author="Li, H.  and others ",
   Title="{{T}he {S}equence {A}lignment/{M}ap format and {S}{A}{M}tools}",
   Journal="Bioinformatics",
   Year="2009",
   Volume="25",
   Number="16",
   Pages="2078--2079",
   Month="Aug"
}

@Article{david,
   Author="Laehnemann, D.  and others ",
   Title="{{D}enoising {D}{N}{A} deep sequencing data-high-throughput sequencing errors and their correction}",
   Journal="Brief. Bioinformatics",
   Year="2015",
   Pages=" ",
   Month="May"
}

@Article{lasken,
   Author="Lasken, R. S.  and Stockwell, T. B. ",
   Title="{{M}echanism of chimera formation during the {M}ultiple {D}isplacement {A}mplification reaction}",
   Journal="BMC Biotechnol.",
   Year="2007",
   Volume="7",
   Pages="19"
}

@Article{mda,
   Author="Lasken, R. S. ",
   Title="{{S}ingle-cell genomic sequencing using {M}ultiple {D}isplacement {A}mplification}",
   Journal="Curr. Opin. Microbiol.",
   Year="2007",
   Volume="10",
   Number="5",
   Pages="510--516",
   Month="Oct"
}

@Article{rodrigue,
   Author="Rodrigue, S.  and others ",
   Title="{{W}hole genome amplification and de novo assembly of single bacterial cells}",
   Journal="PLoS ONE",
   Year="2009",
   Volume="4",
   Number="9",
   Pages="e6864"
}

@Article{chitsaz,
   Author="Chitsaz, H.  and others ",
   Title="{{E}fficient de novo assembly of single-cell bacterial genomes from short-read data sets}",
   Journal="Nat. Biotechnol.",
   Year="2011",
   Volume="29",
   Number="10",
   Pages="915--921",
   Month="Oct"
}

@Article{cowrumen,
   Author="Hess, M.  and others ",
   Title="{{M}etagenomic discovery of biomass-degrading genes and genomes from cow rumen}",
   Journal="Science",
   Year="2011",
   Volume="331",
   Number="6016",
   Pages="463--467",
   Month="Jan"
}

@Article{sr1,
   Author="Campbell, J. H.  and others ",
   Title="{{U}{G}{A} is an additional glycine codon in uncultured {S}{R}1 bacteria from the human microbiota}",
   Journal="Proc. Natl. Acad. Sci. U.S.A.",
   Year="2013",
}

@Article{scott1,
   Author="Clingenpeel, S.  and others ",
   Title="{{E}ffects of sample treatments on genome recovery via single-cell genomics}",
   Journal="ISME J",
   Year="2014",
   Volume="8",
   Number="12",
   Pages="2546--2549",
   Month="Dec"
}

@Article{scott2,
   Author="Clingenpeel, S.  and others ",
   Title="{{R}econstructing each cell's genome within complex microbial communities--dream or reality?}",
   Journal="Front Microbiol",
   Year="2014",
   Volume="5",
   Pages="771"
}

@Article{rappe,
   Author="Rappe, M. S.  and Giovannoni, S. J. ",
   Title="{{T}he uncultured microbial majority}",
   Journal="Annu. Rev. Microbiol.",
   Year="2003",
   Volume="57",
   Pages="369--394"
}

@Article{op9,
   Author="Nobu, M. K.  and others ",
   Title="{{P}hylogeny and physiology of candidate phylum '{A}tribacteria' ({O}{P}9/{J}{S}1) inferred from cultivation-independent genomics}",
   Journal="ISME J",
   Year="2015",
   Pages=" ",
   Month="Jun"
}

@Article{mason,
   Author="Mason, O. U.  and others ",
   Title="{{M}etagenome, metatranscriptome and single-cell sequencing reveal microbial response to {D}eepwater {H}orizon oil spill}",
   Journal="ISME J",
   Year="2012",
   Volume="6",
   Number="9",
   Pages="1715--1727",
   Month="Sep"
}